@inproceedings{naivebayes,
  title={A comparison of event models for naive bayes text classification},
  author={McCallum, A. and Nigam, K. and others},
  booktitle={AAAI-98 workshop on learning for text categorization},
  volume={752},
  pages={41--48},
  year={1998},
  organization={Citeseer}
}

@article{bayesianfiltering,
  title={An evaluation of naive bayesian anti-spam filtering},
  author={Androutsopoulos, I. and Koutsias, J. and Chandrinos, K.V. and Paliouras, G. and Spyropoulos, C.D.},
  journal={arXiv preprint cs/0006013},
  year={2000}
}

@inproceedings{phishing,
  title={Learning to detect phishing emails},
  author={Fette, I. and Sadeh, N. and Tomasic, A.},
  booktitle={Proceedings of the 16th international conference on World Wide Web},
  pages={649--656},
  year={2007},
  organization={ACM}
}

@article{spamimages,
  title={Spam filtering based on the analysis of text information embedded into images},
  author={Fumera, G. and Pillai, I. and Roli, F.},
  journal={The Journal of Machine Learning Research},
  volume={7},
  pages={2699--2720},
  year={2006},
  publisher={JMLR. org}
}


@misc{wikiphishing,
   author = "Wikipedia",
   title = "Phishing",
   year = "2012",
   url = "http://en.wikipedia.org/wiki/Phishing",
   note = "[Online; accessed 30-November-2012]"
 }


@misc{snowball,
  title={Snowball: A language for stemming algorithms},
  author={Porter, M.F.},
  year={2001}
}


@article{liwc,
  title={Linguistic inquiry and word count: LIWC 2001},
  author={Pennebaker, J.W. and Francis, M.E. and Booth, R.J.},
  journal={Mahway: Lawrence Erlbaum Associates},
  year={2001}
}


@inproceedings{wordnet,
  title={Revising the wordnet domains hierarchy: semantics, coverage and balancing},
  author={Bentivogli, L. and Forner, P. and Magnini, B. and Pianta, E.},
  booktitle={Proceedings of the Workshop on Multilingual Linguistic Ressources},
  pages={101--108},
  year={2004},
  organization={Association for Computational Linguistics}
}

@inproceedings{msol,
  title={Generating high-coverage semantic orientation lexicons from overtly marked words and a thesaurus},
  author={Mohammad, S. and Dunne, C. and Dorr, B.},
  booktitle={Proceedings of the 2009 Conference on Empirical Methods in Natural Language Processing: Volume 2-Volume 2},
  pages={599--608},
  year={2009},
  organization={Association for Computational Linguistics}
}


@article{sentiment,
  title={Lexicon-based methods for sentiment analysis},
  author={Taboada, M. and Brooke, J. and Tofiloski, M. and Voll, K. and Stede, M.},
  journal={Computational Linguistics},
  volume={37},
  number={2},
  pages={267--307},
  year={2011},
  publisher={MIT Press}
}


@book{pang,
  title={Opinion mining and sentiment analysis},
  author={Pang, B. and Lee, L.},
  year={2008},
  publisher={Now Pub}
}

@article{sklearn,
 title={{Scikit-learn: Machine Learning in Python }},
 author={Pedregosa, F. and Varoquaux, G. and Gramfort, A. and Michel, V.
         and Thirion, B. and Grisel, O. and Blondel, M. and Prettenhofer, P.
         and Weiss, R. and Dubourg, V. and Vanderplas, J. and Passos, A. and
         Cournapeau, D. and Brucher, M. and Perrot, M. and Duchesnay, E.},
 journal={Journal of Machine Learning Research},
 volume={12},
 pages={2825--2830},
 year={2011}
}


